<?xml version="1.0" encoding="UTF-8"?><collection xmlns="http://www.loc.gov/MARC21/slim"><record><leader>00446nam--2200169-i-4500</leader><controlfield tag="001">000019237</controlfield><controlfield tag="002">20161230</controlfield><controlfield tag="005">20161230201033</controlfield><controlfield tag="008">060222s1000------------r-----000-0-eng-d</controlfield><datafield ind1=" " ind2=" " tag="040"><subfield code="a">IFIN-HH</subfield></datafield><datafield ind1=" " ind2=" " tag="080"><subfield code="a">801.323.2=397=20</subfield></datafield><datafield ind1="1" ind2=" " tag="100"><subfield code="a">Engstrom, Einar</subfield></datafield><datafield ind1="1" ind2="0" tag="245"><subfield code="a">Svensk-engelsk tehnisk ordbok</subfield><subfield code="c">Einar engstrom</subfield></datafield><datafield ind1=" " ind2=" " tag="260"><subfield code="a">Stockholm</subfield><subfield code="b">Ab Svensk Travaru-tidning</subfield><subfield code="c">1967</subfield></datafield><datafield ind1=" " ind2=" " tag="300"><subfield code="a">775 P</subfield></datafield><datafield ind1=" " ind2=" " tag="852"><subfield code="a">D.463</subfield><subfield code="c">SLT</subfield></datafield><datafield ind1=" " ind2=" " tag="CAT"><subfield code="a">Sys</subfield><subfield code="c">20130226</subfield><subfield code="h">161359</subfield></datafield></record></collection>